@book{textbook,
 author = {Arora, Sanjeev and Barak, Boaz},
 title = {Computational Complexity: A Modern Approach},
 year = {2009},
 isbn = {0521424267, 9780521424264},
 edition = {1st},
 publisher = {Cambridge University Press},
 address = {New York, NY, USA},
}

@misc{wikipedia,
  author = "Wikipedia",
  title = "Constructible function",
  year = "2014",
  url = "http://en.wikipedia.org/wiki/Constructible_function#Time-constructible_definitions",
  note = "[Online; accessed 22-Feb-2014]"
}